@misc{gmitqaf,
  author = "GMIT",
  title = "Quality Assurance Framework",
  howpublished = "\\ \url{https://www.gmit.ie/general/quality-assurance-framework}"
}

@misc{pythonwebsite,
    author = "Python Software Foundation",
    title = "Welcome to Python.org",
    howpublished = "\\ \url{https://www.python.org/}"
}

@misc{git,
  author = "Software Freedom Conservancy",
  title = "Git",
  howpublished = "\\ \url{https://git-scm.com/}"
}

@misc{github,
  author = "GitHub, Inc.",
  title = "GitHub",
  howpublished = "\\ \url{https://github.com/}"
}

@misc{usinggit,
  author = "Ian McLoughlin",
  title = "Using git for assessments",
  howpublished = "\\ \url{https://github.com/ianmcloughlin/using-git-for-assessments/}"
}

@misc{scikit-learn,
  title = {scikit-learn: machine learning in Python â€” scikit-learn 0.24.2 documentation},
  date = {2021-09-19},
  year = {2021},
  file = {:./references/stable-index.html.html:html},
  url = {https://scikit-learn.org/stable/index.html},
  urldate = {2021-09-19}
}

@misc{qiskit,
  title = {Qiskit},
  date = {2021-09-19},
  year = {2021},
  file = {:./references/.html:html},
  url = {https://qiskit.org/},
  urldate = {2021-09-19}
}

@misc{deutschalgorithm,
  title = {Deutsch-Jozsa Algorithm},
  date = {2021-08-25},
  year = {2021},
  file = {:./references/textbook-ch-algorithms-deutsch-jozsa.html.html:html},
  url = {https://qiskit.org/textbook/ch-algorithms/deutsch-jozsa.html},
  urldate = {2021-09-19}
}